@article{article,
author = {Grossmann, Tobias and Oberecker, Regine and Koch, Stefan and D Friederici, Angela},
year = {2010},
month = {03},
pages = {852-8},
title = {The Developmental Origins of Voice Processing in the Human Brain},
volume = {65},
booktitle = {Neuron}
}